@article{atzmueller:15,
  author  = {Martin Atzmueller},
  title   = {Subgroup Discovery},
  journal = {WIREs Data Mining and Knowledge Discovery},
  year    = {2015}
}

@article{dubowski:21,
  author          = {Daniel Dubowski and Osnat Mokryn},
  title           = {Towards assessment of subgroup harms and predictive bias in risk scoring systems},
  journal         = {Proceedings of the AAAI Conference on Artificial Intelligence},
  volume          = {35},
  number          = {17},
  pages           = {15062--15070},
  year            = {2021},
  url             = {https://ojs.aaai.org/index.php/AAAI/article/view/17701},
  url_access_date = {2025-07-04}
}

@article{gamberger:02,
  author          = {Dragan Gamberger and Nada Lavrač},
  title           = {Expert-Guided Subgroup Discovery: Methodology and Application},
  journal         = {Journal of Artificial Intelligence Research},
  volume          = {17},
  pages           = {501--527},
  year            = {2002},
  url             = {https://doi.org/10.1613/jair.1089},
  url_access_date = {2025-07-04}
}

@article{helal:16,
  author          = {Alaa Helal and Mohamed Medhat Gaber and Friedrich H{\"u}llermeier},
  title           = {Subgroup Discovery Algorithms: A Survey and Empirical Evaluation},
  journal         = {Journal of Computer Science and Technology},
  volume          = {31},
  number          = {5},
  pages           = {925--945},
  year            = {2016},
  url             = {https://link.springer.com/article/10.1007/s11390-016-1673-7},
  url_access_date = {2025-07-04}
}

@article{herrera:10,
  author          = {Francisco Herrera and Carmen J. Carmona and Pedro Gonz{\'a}lez and Mar{\'i}a J. del Jesus},
  title           = {An Overview on Subgroup Discovery: Foundations and Applications},
  journal         = {Knowledge and Information Systems},
  volume          = {29},
  number          = {3},
  pages           = {495--525},
  year            = {2010},
  publisher       = {Springer},
  url             = {https://link.springer.com/article/10.1007/s10115-010-0356-2},
  url_access_date = {2025-07-04}
}

@inproceedings{lemmerich:18,
  author    = {Felix Lemmerich and Martin Becker},
  title     = {pysubgroup: Easy-to-use Subgroup Discovery in Python},
  booktitle = {Joint European Conference on Machine Learning and Knowledge Discovery in Databases (ECML PKDD)},
  pages     = {658--662},
  year      = {2018},
  note      = {Set.}
}

@article{maina:19,
  author          = {Godfrey Maina and Benjamin Fung and Kap Luk Chan},
  title           = {Subgroup Preservation in Financial Data Anonymized by a Hybrid Approach},
  journal         = {Nature Scientific Reports},
  volume          = {9},
  number          = {1},
  pages           = {1--13},
  year            = {2019},
  url             = {https://www.nature.com/articles/s41598-019-38662-3},
  url_access_date = {2025-07-04}
}

@article{proenca:22,
  author          = {Maria L. P. Proença and outros},
  title           = {Robust Subgroup Discovery},
  journal         = {Data Mining and Knowledge Discovery},
  volume          = {36},
  pages           = {1885--1970},
  year            = {2022},
  url             = {https://doi.org/10.1007/s10618-022-00856-x},
  url_access_date = {2025-07-04}
}

@unpublished{vimieiro:24,
  author = {Renato Vimieiro},
  title  = {Aula 09 -- Aprendizado Descritivo Supervisionado},
  note   = {Aula da disciplina de Aprendizado Descritivo, 2024}
}
